<record><leader>00000cas a22000007a 4500</leader><controlfield tag="001">11539576</controlfield><controlfield tag="008">850102d182518uudcuir ne      0    0eng d</controlfield><datafield ind1=" " ind2=" " tag="010"><subfield code="a">sn 85025009 </subfield></datafield><datafield ind1=" " ind2=" " tag="040"><subfield code="a">NPX</subfield><subfield code="b">eng</subfield><subfield code="c">NPX</subfield><subfield code="d">DLC</subfield><subfield code="d">MFN</subfield><subfield code="d">NYS</subfield><subfield code="d">NVK</subfield><subfield code="d">NVF</subfield><subfield code="d">KRTAS</subfield><subfield code="d">OCLCQ</subfield><subfield code="d">OCLCF</subfield><subfield code="d">OCLCO</subfield></datafield><datafield ind1="1" ind2=" " tag="029"><subfield code="a">AU@</subfield><subfield code="b">000020349073</subfield></datafield><datafield ind1=" " ind2=" " tag="042"><subfield code="a">msc</subfield></datafield><datafield ind1=" " ind2=" " tag="043"><subfield code="a">n-us-va</subfield></datafield><datafield ind1="0" ind2="0" tag="050"><subfield code="a">Newspaper 10040</subfield></datafield><datafield ind1="0" ind2=" " tag="130"><subfield code="a">Alexandria gazette (Alexandria, D.C. : 1825)</subfield></datafield><datafield ind1="1" ind2="0" tag="245"><subfield code="a">Alexandria gazette.</subfield></datafield><datafield ind1=" " ind2=" " tag="250"><subfield code="a">[For the country ed.].</subfield></datafield><datafield ind1=" " ind2=" " tag="260"><subfield code="a">Alexandria [D.C.] :</subfield><subfield code="b">Snowden &amp; Thornton</subfield></datafield><datafield ind1=" " ind2=" " tag="300"><subfield code="a">v.</subfield></datafield><datafield ind1=" " ind2=" " tag="310"><subfield code="a">Triweekly</subfield></datafield><datafield ind1="1" ind2=" " tag="362"><subfield code="a">Began with Dec. 5, 1825 issue.</subfield></datafield><datafield ind1=" " ind2=" " tag="500"><subfield code="a">An illustration of the "phenix" appears in the title ornament.</subfield></datafield><datafield ind1=" " ind2=" " tag="580"><subfield code="a">Daily eds.: Phenix gazette, 1825-1833, and: Alexandria gazette (Alexandria, D.C. : 1834), 1834-&lt;1838&gt;.</subfield></datafield><datafield ind1=" " ind2=" " tag="588"><subfield code="a">Description based on: Dec. 10, 1825.</subfield></datafield><datafield ind1=" " ind2="0" tag="651"><subfield code="a">Alexandria (Va.)</subfield><subfield code="v">Newspapers.</subfield></datafield><datafield ind1=" " ind2="4" tag="651"><subfield code="a">Alexandria (D.C.)</subfield><subfield code="v">Newspapers.</subfield></datafield><datafield ind1=" " ind2="7" tag="655"><subfield code="a">Newspapers.</subfield><subfield code="2">fast</subfield><subfield code="0">(OCoLC)fst01423814</subfield></datafield><datafield ind1=" " ind2="7" tag="651"><subfield code="a">Virginia</subfield><subfield code="z">Alexandria.</subfield><subfield code="2">fast</subfield><subfield code="0">(OCoLC)fst01206236</subfield></datafield><datafield ind1=" " ind2=" " tag="752"><subfield code="a">United States</subfield><subfield code="b">Virginia</subfield><subfield code="d">Alexandria.</subfield></datafield><datafield ind1="1" ind2=" " tag="775"><subfield code="t">Alexandria gazette (Alexandria, D.C. : 1834)</subfield><subfield code="w">(DLC)sn 85025007</subfield></datafield><datafield ind1="1" ind2=" " tag="775"><subfield code="t">Phenix gazette</subfield><subfield code="w">(DLC)sn 85025006</subfield></datafield><datafield ind1=" " ind2=" " tag="938"><subfield code="a">Kirtas Technologies, Inc.</subfield><subfield code="b">KRTS</subfield><subfield code="n">738950</subfield></datafield></record>